@article{cerqueira2000utilizaccao,
  title={Utilização de filtro de transformada de Fourier para a minimização de ruídos em sinais analíticos},
  author={Cerqueira, Eduardo O and Poppi, Ronei J and Kubota, Lauro T and Mello, Cesar},
  journal={Química Nova},
  volume={23},
  number={5},
  pages={690--698},
  year={2000},
  publisher={SciELO Brasil},
  note={\url{https://www.scielo.br/j/qn/a/hTR8VbLNqbFDPCKcgkfzJMb/?lang=pt}}
}
@misc{mathuranathan2010, title={Understand Moving Average Filter with Python \& Matlab}, 
 author={Mathuranathan Viswanathan},
 year={2010},
 howpublished={\url{https://www.gaussianwaves.com/2010/11/moving-average-filter-ma-filter-2/}}
}
@misc{carlos2018, 
 author = {Carlos E. Rufino da Silva},
 title = {Relatório do experimento do pêndulo físico Física Não-linear (TEF 2018.1)},
 year = {2018} 
}
@misc{numpydoc,
 title = {Numpy Documentation},
 author = {Numpy},
 howpublished={\url{https://numpy.org/doc/stable/index.html}} 
}
@misc{pandasdoc,
 title = {Pandas Documentation},
 author = {Pandas},
 howpublished={\url{https://pandas.pydata.org/docs/}}
}
@misc{scipydoc,
 title = {Scipy Documentation},
 author = {Scipy},
 howpublished={\url{https://docs.scipy.org/doc/scipy/}}
}
@misc{matplotdoc,
 title = {MatPlotLib Documentation},
 author = {MatPlotLib},
 howpublished={\url{https://matplotlib.org/3.5.0/index.html}} 
}



       