@misc{ressonador,
  title={Experimentos com o ressonador de {H}elmholtz.},
  author={Niels Fontes Lima},
  journal={Instituto Federal de Educação, Ciência e Tecnologia - IFBahia},
  note={\url{http://www.ifba.edu.br/fisica/nfl/fge2/RessonadorDeHelmholtz/ExperimentoRessonadorDeHelmholtz.html}}
}
@misc{nave, title={Damped Harmonic Oscillator}, 
 author={Carl R. Nave},
 howpublished={\url{http://hyperphysics.phy-astr.gsu.edu/hbase/oscda.html}}
}
@misc{carlos2018, 
 author = {Carlos E. Rufino da Silva},
 title = {Relatório do experimento do pêndulo físico Física Não-linear (TEF 2018.1)},
 year = {2018} 
}
@misc{numpydoc,
 title = {Numpy Documentation},
 author = {Numpy},
 howpublished={\url{https://numpy.org/doc/stable/index.html}} 
}
@misc{pandasdoc,
 title = {Pandas Documentation},
 author = {Pandas},
 howpublished={\url{https://pandas.pydata.org/docs/}}
}
@misc{scipydoc,
 title = {Scipy Documentation},
 author = {Scipy},
 howpublished={\url{https://docs.scipy.org/doc/scipy/}}
}
@misc{matplotdoc,
 title = {MatPlotLib Documentation},
 author = {MatPlotLib},
 howpublished={\url{https://matplotlib.org/3.5.0/index.html}} 
}



       